2050 2755
138 120 142 125 ’
169 122 286 184 CA
305 126 360 179 Ρ.
392 126 439 178 X
463 129 485 178 1
511 162 522 174 .
606 124 686 183 De
709 127 963 184 sacerdot.
994 127 1053 179 δε,
1078 127 1086 145 ¹

158 235 500 312 peccaverimus,
528 230 730 289 condona,
771 239 861 282 Hoc
877 231 948 301 est,
1125 273 1202 285 ,,,,,
1378 255 1415 285 ,··.
1446 275 1471 286 ‚⁵
1484 267 1539 289 w„

165 312 333 360 tionem
366 305 554 365 facimus
577 310 593 369 ]
631 300 785 354 eorum
802 307 930 379 prius
946 351 960 370 ‚
988 305 1046 368 ῤ’
1079 320 1182 357 tunc
1206 315 1392 359 ventam
1422 311 1541 381 peti-

165 398 286 431 mus.
323 389 431 442 Haec
466 384 746 433 Cunvsosr.
770 386 1048 447 Serm.17.in
1064 386 1201 448 Epist.
1220 385 1275 434 ad
1308 389 1467 432 Hem.
1494 389 1540 435 in

167 451 285 515 Cap.
301 472 347 513 9,
361 452 405 497 in
422 448 508 496 fine
521 449 688 512 capitis.
733 450 928 497 Priorem
943 464 1110 514 partem
1124 467 1258 527 ‘vocat
1270 448 1543 503 oblationem

158 531 458 590 peccatorumt
493 523 670 569 alteram
683 523 792 569 vero
806 536 972 584 partem
989 556 999 574 ‚
1032 525 1298 571 Petmonem
1311 528 1468 576 veniae,

257 591 310 635 Et
325 588 437 634 hanc
453 588 744 634 Oblationem
762 588 1018 648 opportune
1036 588 1220 638 facimus
1235 624 1247 643 ,
1284 596 1328 641 in
1356 596 1544 643 celebra.

166 654 283 700 tione
299 652 517 714 Corporis
534 654 581 700 &
598 651 830 714 Sanguinis
869 652 907 695 D
931 653 975 698 O
996 654 1049 698 M
1066 655 1084 696 1
1104 654 1143 699 N
1164 654 1178 698 I
1196 688 1207 709 ,
1241 673 1327 719 qua
1348 674 1546 707 comme..

163 732 387 765 moramus
415 720 508 776 ejus
524 730 738 767 mortem,
773 717 819 762 &
836 729 930 761 eam
945 724 1417 768 commemorationem
1447 733 1540 771 non

164 790 292 837 nobis
312 786 413 848 ipfis
429 783 565 833 solum
585 785 790 833 facimus:
837 783 1052 830 Suaviter
1070 798 1249 853 atque)
1268 788 1454 837 vtiliter
1473 805 1542 837 re-

161 852 377 906 condendo
404 853 454 901 in
477 854 708 905 memorias,
738 850 859 921 quod
868 868 948 925 pro
968 854 1084 905 nob&
1098 873 1195 905 caro
1217 864 1309 927 ejus
1335 863 1542 925 crucifixa

163 924 472 988 &vulnerata
492 920 633 984 sit-'ut
659 931 857 993 loquitur
886 933 1209 982 Avcvsrmvs
1240 969 1253 989 ,
1291 937 1392 984 Lib.
1411 956 1427 994 3
1448 973 1460 992 ‚
1486 940 1543 988 de

161 998 364 1047 dostrina
391 994 668 1051 Christiana,
704 995 815 1056 Cap·
840 1004 915 1043 16.
969 997 1057 1046 Sed
1087 1000 1217 1046 etiam
1247 1001 1340 1050 aliis
1370 1018 1451 1049 nos
1478 1006 1544 1050 in-

164 1063 418 1115 tuentibus,
447 1062 604 1109 realem
634 1060 854 1120 quandam
886 1059 985 1107 fidei
1014 1063 1193 1117 nostrat,
1227 1064 1281 1112 de
1315 1066 1357 1112 C
1377 1070 1417 1110 H
1436 1065 1558 1113 Rs·-

165 1128 194 1172 S
215 1126 257 1171 T
276 1127 290 1170 l
331 1142 412 1186 pro
435 1126 561 1171 nobis
584 1122 774 1183 paffione
789 1156 801 1176 ,
834 1124 1140 1183 profcffionem
1159 1129 1304 1187 palam
1338 1131 1542 1180 edimnsz

165 1190 327 1255 eosc'lue
354 1187 504 1235 nostro
529 1189 760 1250 exemplo,
793 1190 845 1234 ad
872 1188 1063 1250 ejusdem
1088 1189 1223 1238 officii
1242 1192 1415 1243 fidelem
1436 1212 1545 1258 prae-

164 1254 422 1309 stationem,
456 1252 753 1299 cohortamur.
807 1254 1001 1300 Eandem
1015 1257 1142 1302 etiam
1159 1261 1547 1307 commemoratio-

164 1334 265 1367 nem
309 1320 346 1363 D
364 1319 397 1363 E
416 1319 459 1363 Ο
496 1318 696 1373 facimus;
734 1319 889 1378 gratias
909 1320 945 1364 ei
971 1335 1175 1382 agentes,
1200 1323 1324 1384 quod
1354 1340 1438 1372 nos
1466 1321 1543 1371 suo

166 1384 373 1445 sanguine
388 1381 638 1433 redemerit,
678 1380 808 1445 eit'pie
821 1398 994 1443 peccata
1012 1383 1154 1429 nostra
1175 1384 1435 1434 confitentes
1452 1419 1468 1444 ,
1495 1390 1543 1436 &

166 1462 317 1495 eorum
331 1448 503 1493 veniam
519 1445 767 1506 suppliciter
789 1461 982 1506 petentes
1001 1450 1043 1493 in
1067 1449 1262 1498 Nomine
1279 1450 1543 1499 Mediatoris

166 1528 250 1574 pro
284 1511 415 1557 nobis
444 1506 668 1557 crucifixi.
747 1513 939 1558 Orantes
968 1528 1069 1558 curn
1098 1511 1254 1562 fiducia
1280 1547 1293 1568 ,
1341 1531 1388 1562 ut
1424 1515 1542 1578 apud

170 1577 261 1620 DE
279 1578 316 1618 V
337 1576 383 1618 Μ
433 1573 753 1636 consequamur
790 1575 1126 1623 miscricordiam
1147 1609 1163 1633 ‚
1196 1594 1237 1626 et
1264 1580 1450 1643 gratiam
1479 1581 1545 1629 in-

171 1639 401 1684 veniamus
418 1666 431 1685 ‚
468 1637 523 1684 ad
537 1653 840 1698 opportunum
856 1642 1068 1688 auxilium
1087 1674 1101 1695 ,
1129 1647 1428 1700 I-IEBR.4.160

271 1703 484 1763 Atqueita
500 1717 793 1762 proponentes
827 1708 861 1745 D
883 1706 913 1748 E
933 1707 975 1751 O
1006 1705 1246 1767 paffionem
1267 1710 1380 1761 Filii,
1396 1722 1531 1772 quam

173 1777 257 1827 pro
275 1766 400 1811 nobis
417 1764 608 1811 sustinuit
635 1797 647 1817 ,
680 1765 768 1812 dici
798 1768 1022 1827 poffumus
1054 1772 1393 1833 quodammodo
1416 1771 1545 1821 offer-

174 1843 219 1875 te
256 1829 294 1872 D
314 1830 344 1873 E
362 1832 405 1876 O
463 1828 505 1873 C
524 1833 562 1875 Η
582 1830 618 1873 R
637 1830 651 1874 1
673 1831 699 1873 S
719 1830 760 1874 T
779 1833 816 1872 V
838 1831 886 1874 M
920 1847 1002 1892 pro
1030 1837 1156 1882 nobis
1183 1841 1228 1882 in
1255 1837 1544 1899 paffioneim-

175 1893 409 1950 molatum;
427 1890 496 1938 seu
520 1896 653 1949 ipsam
681 1898 772 1953 ejus
798 1894 1092 1944 obedientiam
1120 1901 1439 1966 cruentamque
1462 1903 1549 1947 im·

177 1955 478 2004 molationem.
503 1955 655 2016 Qam
682 1957 902 2006 offerimus
942 1962 979 2004 D
999 1963 1028 2005 E
1049 1965 1112 2016 O,
1148 1981 1240 2011 non
1265 1964 1546 2014 sacrificando

177 2018 222 2066 C
250 2022 294 2064 H
328 2021 364 2066 R
393 2021 409 2065 Ι
439 2020 467 2065 S
496 2021 538 2068 T
568 2026 604 2064 V
639 2023 687 2066 Μ
720 2058 734 2079 ,
783 2039 856 2069 aut
892 2024 947 2072 de
974 2044 1096 2074 novo
1121 2029 1400 2078 immolando
1421 2063 1433 2084 ,
1473 2029 1544 2078 secl

177 2086 351 2133 unicam
376 2086 493 2133 illam
511 2102 593 2148 pro
609 2088 746 2134 nobis
773 2091 817 2137 in
832 2087 1024 2150 paffione
1038 2091 1165 2140 semel
1185 2093 1342 2141 faftam
1363 2094 1544 2152 CHRI-

177 2148 207 2193 S
245 2151 285 2193 T
324 2149 340 2193 1
395 2152 744 2198 immolationem
772 2158 1170 2206 commemorando
1212 2181 1227 2216 ;
1293 2160 1332 2205 D
1363 2161 1396 2206 E
1425 2163 1464 2205 V
1494 2163 1546 2207 M

175 2210 626 2276 suppliciterorantes
646 2248 658 2268 ,
691 2232 771 2274 ut,
804 2219 1085 2269 eamintuens
1104 2255 1119 2279 ,
1151 2223 1280 2271 nobis
1310 2227 1549 2288 peccatori-

175 2276 258 2326 bus
270 2277 321 2325 iit
346 2279 595 2341 'propitiusz
627 2281 919 2344 nonpropter
931 2282 1045 2331 hanc
1067 2286 1257 2334 nostram
1275 2306 1553 2339 commemo-

176 2344 418 2402 rationem,
450 2341 520 2390 sed
550 2357 732 2406 porpter
759 2360 979 2395 cruentam
1011 2351 1130 2400 illam
1161 2351 1260 2407 vere*³
1285 2356 1332 2403 δε
1364 2356 1550 2418 propri'e

176 2404 566 2461 Sacrificator'iam‚
594 2407 641 2456 δε
666 2411 1016 2473 propitiatoriam
1046 2417 1337 2466 Oblationem
1372 2432 1386 2469 ε
1415 2432 1550 2481 quam

183 2484 589 2521 commemoramus
622 2505 639 2535 ,
681 2475 776 2521 DE
785 2472 951 2594 ἕῗιιιο
987 2478 1215 2531 offerimus
1241 2515 1258 2541 ,
1305 2483 1578 2532 Oblatione·

958 2557 1007 2594 ὃ.
1435 2560 1575 2598 noa*-

1586 1767 1663 1809 Qo
1675 1764 1823 1801 sanoseni

1586 1809 1616 1841 su
1628 1811 1764 1842 dicamur
1774 1810 1822 1843 of-

1584 1852 1661 1884 ferre
1684 1854 1711 1883 D
1729 1854 1751 1882 E
1770 1854 1800 1883 O

1586 1893 1819 1933 cnmnvm,

1586 1936 1618 1966 in
1635 1934 1829 1967 celebratio-¹

1585 1986 1623 2008 ne
1644 1977 1818 2011 sacruficemt

1585 2029 1642 2053 na·
